

@TECHREPORT{shoham90,
	AUTHOR = {Y.~Shoham},
	TITLE = {Agent {O}riented {P}rogramming},
	INSTITUTION = {Stanford University},
	YEAR = {1990},
	TYPE = {Technical Report},
	NUMBER = {STAN-CS-90-1335}
}
